%
%  An example of a bibliographical database for bibTeX
%
%  Recommended software for maintenance of *.bib files:
%    JabRef, http://jabref.sourceforge.net/
%
%  BEWARE:
%
%    *  If a name contains a capital letter, which must be kept such,
%       use curly brackets ({T}hailand, {HIV}).
%
%  ===========================================================================

@article{nando-bopt-tutorial,
  author    = {Eric Brochu and
               Vlad M. Cora and
               Nando de Freitas},
  title     = {A Tutorial on Bayesian Optimization of Expensive Cost Functions, with
               Application to Active User Modeling and Hierarchical Reinforcement
               Learning},
  journal   = {CoRR},
  volume    = {abs/1012.2599},
  year      = {2010},
  url       = {http://arxiv.org/abs/1012.2599},
  archivePrefix = {arXiv},
  eprint    = {1012.2599},
  timestamp = {Mon, 13 Aug 2018 16:46:22 +0200},
  biburl    = {https://dblp.org/rec/bib/journals/corr/abs-1012-2599},
  bibsource = {dblp computer science bibliography, https://dblp.org}
}

@book{murphy2012machine,
  title={Machine Learning: A Probabilistic Perspective},
  author={Murphy, K.P. and Bach, F.},
  isbn={9780262018029},
  lccn={2012004558},
  series={Adaptive Computation and Machi},
  url={https://books.google.cz/books?id=NZP6AQAAQBAJ},
  year={2012},
  publisher={MIT Press}
}

@article{lda-blei2003latent,
  title={Latent dirichlet allocation},
  author={Blei, David M and Ng, Andrew Y and Jordan, Michael I},
  journal={Journal of machine Learning research},
  volume={3},
  number={Jan},
  pages={993--1022},
  year={2003}
}

@book{bishop2016pattern,
  title={Pattern Recognition and Machine Learning},
  author={Bishop, C.M.},
  isbn={9781493938438},
  lccn={2006922522},
  series={Information Science and Statistics},
  url={https://books.google.cz/books?id=kOXDtAEACAAJ},
  year={2016},
  publisher={Springer New York}
}

@book{Goodfellow-et-al-2016,
    title={Deep Learning},
    author={Ian Goodfellow and Yoshua Bengio and Aaron Courville},
    publisher={MIT Press},
    note={\url{http://www.deeplearningbook.org}},
    year={2016}
}

@book{gelfand2012calculus,
  title={Calculus of Variations},
  author={Gelfand, I.M. and Fomin, S.V.},
  isbn={9780486135014},
  series={Dover Books on Mathematics},
  url={https://books.google.cz/books?id=CeC7AQAAQBAJ},
  year={2012},
  publisher={Dover Publications}
}

@book{mitzenmacher2017probability,
  title={Probability and Computing: Randomization and Probabilistic Techniques in Algorithms and Data Analysis},
  author={Mitzenmacher, M. and Upfal, E.},
  isbn={9781107154889},
  lccn={2016041654},
  series={Probability and Computing: Randomization and Probabilistic Techniques in Algorithms and Data Analysis},
  url={https://books.google.cz/books?id=E9UlDwAAQBAJ},
  year={2017},
  publisher={Cambridge University Press}
}

@article{eisenberg2008sum,
  title={Why is the sum of independent normal random variables normal?},
  author={Eisenberg, Bennett and Sullivan, Rosemary},
  journal={Mathematics Magazine},
  volume={81},
  number={5},
  pages={362--366},
  year={2008},
  publisher={JSTOR}
}



@BOOK{Andel07,
  title = {Základy matematické statistiky},
  publisher = {Matfyzpress},
  year = {2007},
  author = {Anděl, J.},
  address = {Praha},
  series = {Druhé opravené vydání},
  isbn = {80-7378-001-1}
}

@BOOK{Andel98,
  title = {Statistické metody},
  publisher = {Matfyzpress},
  year = {1998},
  author = {Anděl, J.},
  address = {Praha},
  series = {Druhé přepracované vydání},
  isbn = {80-85863-27-8}
}

@ARTICLE{Cox72,
  author = {Cox, D. R.},
  title = {Regression models and life-tables (with {D}iscussion)},
  journal = {Journal of the Royal Statistical Society, Series B},
  year = {1972},
  volume = {34},
  pages = {187--220},
  number = {2}
}

@ARTICLE{DempsterLairdRubin77,
  author = {Dempster, A. P. and Laird, N. M. and Rubin, D. B.},
  title = {Maximum likelihood from incomplete data via the {EM} algorithm},
  journal = {Journal of the Royal Statistical Society, Series B},
  year = {1977},
  volume = {39},
  pages = {1--38},
  number = {1}
}

@ARTICLE{Genberget08,
  author = {Genberg, B. L. and Kulich, M. and Kawichai, S. and Modiba, P. and
	Chingono, A. and Kilonzo, G. P. and Richter, L. and Pettifor, A.
	and Sweat, M. and Celentano, D. D.},
  title = {{HIV} risk behaviors in Sub-{S}aharan {A}frica and {N}orthern {T}hailand:
	{B}aseline behavioral data from project {A}ccept},
  journal = {Journal of Acquired Immune Deficiency Syndrome},
  year = {2008},
  volume = {49},
  pages = {309--319}
}

@ARTICLE{KaplanMeier58,
  author = {Kaplan, E. L. and Meier, P.},
  title = {Nonparametric estimation from incomplete observations},
  journal = {Journal of the American Statistical Association},
  year = {1958},
  volume = {53},
  pages = {457--481},
  number = {282}
}

@BOOK{LehmannCasella98,
  title = {Theory of Point Estimation},
  publisher = {Springer-Verlag},
  year = {1998},
  author = {Lehmann, E. L. and Casella, G.},
  address = {New York},
  series = {{S}econd {E}dition},
  isbn = {0-387-98502-6}
}

@ARTICLE{Student08,
  author = {Student},
  title = {On the probable error of the mean},
  journal = {Biometrika},
  year = {1908},
  volume = {6},
  pages = {1-25}
}

@Book{dlbook,
  author = "Ian Goodfellow and Yoshua Bengio and Aaron Courville",
  title = "Deep Learning",
  publisher = "MIT Press",
  year = "2016"
}

@inproceedings{maclaurin2015autograd,
  title={Autograd: Effortless gradients in numpy},
  author={Maclaurin, Dougal and Duvenaud, David and Adams, Ryan P},
  booktitle={ICML 2015 AutoML Workshop},
  year={2015}
}

@article{kingma2014adam,
  title={Adam: A method for stochastic optimization},
  author={Kingma, Diederik P and Ba, Jimmy},
  journal={arXiv preprint arXiv:1412.6980},
  year={2014}
}

@book{mitchell-mldef,
  Author = {Tom M. Mitchell},
  Title = {Machine Learning},
  Publisher = {McGraw-Hill Education},
  Year = {1997},
  ISBN = {0070428077},
  URL = {https://www.amazon.com/Machine-Learning-Tom-M-Mitchell/dp/0070428077?SubscriptionId=AKIAIOBINVZYXZQZ2U3A&tag=chimbori05-20&linkCode=xm2&camp=2025&creative=165953&creativeASIN=0070428077}
}

@article{nando-bayesian-out-of-the-loop,
  title={Taking the human out of the loop: A review of bayesian optimization},
  author={Shahriari, Bobak and Swersky, Kevin and Wang, Ziyu and Adams, Ryan P and De Freitas, Nando},
  journal={Proceedings of the IEEE},
  volume={104},
  number={1},
  pages={148--175},
  year={2016},
  publisher={IEEE}
}

@article{integer-valued-gp,
  title={Dealing with Integer-valued Variables in Bayesian Optimization with Gaussian Processes},
  author={Garrido-Merch{\'a}n, Eduardo C and Hern{\'a}ndez-Lobato, Daniel},
  journal={arXiv preprint arXiv:1706.03673},
  year={2017}
}

@article{nasnet,
  author    = {Barret Zoph and
               Vijay Vasudevan and
               Jonathon Shlens and
               Quoc V. Le},
  title     = {Learning Transferable Architectures for Scalable Image Recognition},
  journal   = {CoRR},
  volume    = {abs/1707.07012},
  year      = {2017},
  url       = {http://arxiv.org/abs/1707.07012},
  archivePrefix = {arXiv},
  eprint    = {1707.07012},
  timestamp = {Mon, 13 Aug 2018 16:48:00 +0200},
  biburl    = {https://dblp.org/rec/bib/journals/corr/ZophVSL17},
  bibsource = {dblp computer science bibliography, https://dblp.org}
}

@article{overview-of-sgd,
  title={An overview of gradient descent optimization algorithms},
  author={Ruder, Sebastian},
  journal={arXiv preprint arXiv:1609.04747},
  year={2016}
}

@proceedings{google-vizier,
title	= {Google Vizier: A Service for Black-Box Optimization},
editor	= {Daniel Golovin and Benjamin Solnik and Subhodeep Moitra and Greg Kochanski and John Elliot Karro and D. Sculley},
year	= {2017},
URL	= {http://www.kdd.org/kdd2017/papers/view/google-vizier-a-service-for-black-box-optimization}
}

@misc{spearmint,
  author = {Harvard Intelligent Probabilistic Systems Group},
  title = {Spearmint},
  year = {2014},
  publisher = {GitHub},
  journal = {GitHub repository},
  howpublished = {\url{https://github.com/HIPS/Spearmint}},
  commit = {990d27d4477bbc9b0d5cfb2c950fc387decf6ea2}
}

@Misc{gpy2014,
  author =   {{GPy}},
  title =    {{GPy}: A Gaussian process framework in python},
  howpublished = {\url{http://github.com/SheffieldML/GPy}},
  year = {since 2012}
}

@Misc{gpyopt2016,
  author =   {The GPyOpt authors},
  title =    {{GPyOpt}: A Bayesian Optimization framework in python},
  howpublished = {\url{http://github.com/SheffieldML/GPyOpt}},
  year = {2016}
}

@misc{scikit-optimize,
  author       = {Tim Head and
                  MechCoder and
                  Gilles Louppe and
                  Iaroslav Shcherbatyi and
                  fcharras and
                  Zé Vinícius and
                  cmmalone and
                  Christopher Schröder and
                  nel215 and
                  Nuno Campos and
                  Todd Young and
                  Stefano Cereda and
                  Thomas Fan and
                  rene-rex and
                  Kejia (KJ) Shi and
                  Justus Schwabedal and
                  carlosdanielcsantos and
                  Hvass-Labs and
                  Mikhail Pak and
                  SoManyUsernamesTaken and
                  Fred Callaway and
                  Loïc Estève and
                  Lilian Besson and
                  Mehdi Cherti and
                  Karlson Pfannschmidt and
                  Fabian Linzberger and
                  Christophe Cauet and
                  Anna Gut and
                  Andreas Mueller and
                  Alexander Fabisch},
  title        = {scikit-optimize/scikit-optimize: v0.5.2},
  month        = mar,
  year         = 2018,
  doi          = {10.5281/zenodo.1207017},
  url          = {https://doi.org/10.5281/zenodo.1207017}
}

@book{russell2016artificial,
  title={Artificial intelligence: a modern approach},
  author={Russell, Stuart J and Norvig, Peter},
  year={2016},
  publisher={Malaysia; Pearson Education Limited,}
}

@misc{openai-five,
  title = {{OpenAI} Five},
  howpublished = {\url{https://openai.com/five/}},
  note = {Accessed: 2019-04-22}
}

@article{nvidia-stylegan,
  author    = {Tero Karras and
               Samuli Laine and
               Timo Aila},
  title     = {A Style-Based Generator Architecture for Generative Adversarial Networks},
  journal   = {CoRR},
  volume    = {abs/1812.04948},
  year      = {2018},
  url       = {http://arxiv.org/abs/1812.04948},
  archivePrefix = {arXiv},
  eprint    = {1812.04948},
  timestamp = {Tue, 01 Jan 2019 15:01:25 +0100},
  biburl    = {https://dblp.org/rec/bib/journals/corr/abs-1812-04948},
  bibsource = {dblp computer science bibliography, https://dblp.org}
}

@article{box-muller1958note,
  title={A note on the generation of random normal deviates},
  author={Box, George EP},
  journal={Ann. Math. Stat.},
  volume={29},
  pages={610--611},
  year={1958}
}

@book{williams2006gaussian,
  title={Gaussian processes for machine learning},
  author={Williams, Christopher KI and Rasmussen, Carl Edward},
  volume={2},
  number={3},
  year={2006},
  publisher={MIT Press Cambridge, MA}
}

@article{frazier2018tutorial,
  title={A tutorial on Bayesian optimization},
  author={Frazier, Peter I},
  journal={arXiv preprint arXiv:1807.02811},
  year={2018}
}


@Techreport{python, title= {Python tutorial}, author = {G. van Rossum}, number={CS-R9526}, institution= {Centrum voor Wiskunde en Informatica (CWI)}, year= {1995}, address={Amsterdam}, month={May} }

